<?xml version="1.0" encoding="UTF-8"?><record xmlns="http://www.loc.gov/MARC21/slim" xmlns:cinclude="http://apache.org/cocoon/include/1.0" xmlns:zs="http://www.loc.gov/zing/srw/">
  <leader>00673nz  a2200145n  4500</leader>
  <controlfield tag="001">no2008024010</controlfield>
  <controlfield tag="003">DLC</controlfield>
  <controlfield tag="005">20080219161751.0</controlfield>
  <controlfield tag="008">080214n| acannaabn          |n ana     c</controlfield>
  <datafield tag="010" ind1=" " ind2=" ">
    <subfield code="a">no2008024010</subfield>
  </datafield>
  <datafield tag="035" ind1=" " ind2=" ">
    <subfield code="a">(OCoLC)oca07656727</subfield>
  </datafield>
  <datafield tag="040" ind1=" " ind2=" ">
    <subfield code="a">DGPO</subfield>
    <subfield code="b">eng</subfield>
    <subfield code="c">DGPO</subfield>
  </datafield>
  <datafield tag="110" ind1="1" ind2=" ">
    <subfield code="a">United States.</subfield>
    <subfield code="b">Interstate Commerce Commission.</subfield>
    <subfield code="b">Office of Economic &amp; Environmental Analysis</subfield>
  </datafield>
  <datafield tag="670" ind1=" " ind2=" ">
    <subfield code="a">OCLC, Feb. 14, 2008</subfield>
    <subfield code="b">(hdg.: United States. Office of Economic and Environmental Analysis; usage: Interstate Commerce Commission, Office of Economic &amp; Environmental Analysis)</subfield>
  </datafield>
  <datafield tag="670" ind1=" " ind2=" ">
    <subfield code="a">Carroll's fed. exec. dir., Nov./Dec. 1994</subfield>
    <subfield code="b">(Interstate Commerce Commission; Economic and Environmental Analysis)</subfield>
  </datafield>
</record>